<?xml version="1.0" encoding="UTF-8"?>
<record xmlns="http://www.loc.gov/MARC21/slim" xmlns:xsi="http://www.w3.org/2001/XMLSchema-instance" xsi:schemaLocation="http://www.loc.gov/MARC21/slim http://www.loc.gov/standards/marcxml/schema/MARC21slim.xsd">
<leader>00000cam a22      a 4500</leader>
<controlfield tag="001">002933593</controlfield>
<controlfield tag="003">NNU</controlfield>
<controlfield tag="005">20150914160714.0</controlfield>
<controlfield tag="008">881019m19541955le       b    001 0 ara d</controlfield>
<datafield tag="035" ind1=" " ind2=" ">
<subfield code="a">(OCoLC)478881469</subfield>
</datafield>
<datafield tag="040" ind1=" " ind2=" ">
<subfield code="a">NNU</subfield>
<subfield code="c">N15</subfield>
<subfield code="d">RBN</subfield>
<subfield code="d">OCLCF</subfield>
<subfield code="d">OCLCO</subfield>
<subfield code="d">NNU</subfield>
</datafield>
<datafield tag="050" ind1=" " ind2="4">
<subfield code="a">GB51</subfield>
<subfield code="b">.Y38 1954</subfield>
</datafield>
<datafield tag="100" ind1="0" ind2=" ">
<subfield code="6">880-01</subfield>
<subfield code="a">Yāqūt ibn ʻAbd Allāh al-Ḥamawī,</subfield>
<subfield code="d">1179?-1229.</subfield>
</datafield>
<datafield tag="245" ind1="1" ind2="0">
<subfield code="6">880-02</subfield>
<subfield code="a">Marāṣid al-iṭṭilāʻ ʻalá asmāʼ al-amkinah wa-al-biqāʻ :</subfield>
<subfield code="b">wa-huwa mukhtaṣar Muʻjam al-buldān li-Yāqūt /</subfield>
<subfield code="c">li-Ṣafī al-Dīn ʻAbd al-Muʼmin ibn ʻAbd al-Ḥaqq al-Baghdādī ; taḥqīq wa-taʻlīq ʻAlī Muḥammad al-Bajāwī.</subfield>
</datafield>
<datafield tag="250" ind1=" " ind2=" ">
<subfield code="6">880-03</subfield>
<subfield code="a">al-Ṭabʻah 1.</subfield>
</datafield>
<datafield tag="260" ind1=" " ind2=" ">
<subfield code="6">880-04</subfield>
<subfield code="a">Bayrūt :</subfield>
<subfield code="b">Dār al-Maʻrifah,</subfield>
<subfield code="c">1954-1955.</subfield>
</datafield>
<datafield tag="300" ind1=" " ind2=" ">
<subfield code="a">3 v. ;</subfield>
<subfield code="c">25 cm.</subfield>
</datafield>
<datafield tag="504" ind1=" " ind2=" ">
<subfield code="a">Includes bibliographical references and indexes.</subfield>
</datafield>
<datafield tag="650" ind1=" " ind2="0">
<subfield code="a">Geography</subfield>
<subfield code="v">Dictionaries</subfield>
<subfield code="x">Arabic.</subfield>
</datafield>
<datafield tag="650" ind1=" " ind2="0">
<subfield code="a">Geography, Medieval.</subfield>
</datafield>
<datafield tag="650" ind1=" " ind2="7">
<subfield code="a">Geography.</subfield>
<subfield code="2">fast</subfield>
<subfield code="0">(OCoLC)fst00940469</subfield>
</datafield>
<datafield tag="650" ind1=" " ind2="7">
<subfield code="a">Geography, Medieval.</subfield>
<subfield code="2">fast</subfield>
<subfield code="0">(OCoLC)fst00940573</subfield>
</datafield>
<datafield tag="655" ind1=" " ind2="7">
<subfield code="a">Dictionaries.</subfield>
<subfield code="2">fast</subfield>
<subfield code="0">(OCoLC)fst01423826</subfield>
</datafield>
<datafield tag="700" ind1="1" ind2=" ">
<subfield code="6">880-05</subfield>
<subfield code="a">Bajāwī, ʻAlī Muḥammad.</subfield>
</datafield>
<datafield tag="700" ind1="1" ind2=" ">
<subfield code="6">880-06</subfield>
<subfield code="a">Ibn ʻAbd al-Ḥaqq, ʻAbd al-Muʼmin,</subfield>
<subfield code="d">1260-1338.</subfield>
</datafield>
<datafield tag="740" ind1="0" ind2=" ">
<subfield code="6">880-07</subfield>
<subfield code="a">Muʻjam al-buldān.</subfield>
</datafield>
<datafield tag="880" ind1="0" ind2=" ">
<subfield code="6">100-01/</subfield>
<subfield code="a">ياقوت بن عبد الله الحموي،</subfield>
<subfield code="d">1179?-1229.</subfield>
</datafield>
<datafield tag="880" ind1="1" ind2="0">
<subfield code="6">245-02/</subfield>
<subfield code="a">مراصد الاطلاع على اسماء الامكنة والبقاع :</subfield>
<subfield code="b">وهو مختصر معجم البلدان لياقوت /</subfield>
<subfield code="c">لصفي الدين عبد المؤمن بن عبد الحق البغدادي ؛ تحقيق وتعليق علي محمد البجاوي.</subfield>
</datafield>
<datafield tag="880" ind1=" " ind2=" ">
<subfield code="6">250-03/</subfield>
<subfield code="a">الطبعة 1.</subfield>
</datafield>
<datafield tag="880" ind1=" " ind2=" ">
<subfield code="6">260-04/</subfield>
<subfield code="a">بيروت :</subfield>
<subfield code="b">دار المعرفة،</subfield>
<subfield code="c">1954-1955.</subfield>
</datafield>
<datafield tag="880" ind1="1" ind2=" ">
<subfield code="6">700-05/</subfield>
<subfield code="a">بجاوي، علي محمد.</subfield>
</datafield>
<datafield tag="880" ind1="1" ind2=" ">
<subfield code="6">700-06/</subfield>
<subfield code="a">ابن عبد الحق، عبد المؤمن،</subfield>
<subfield code="d">1260-1338.</subfield>
</datafield>
<datafield tag="880" ind1="0" ind2=" ">
<subfield code="6">740-07/</subfield>
<subfield code="a">معجم البلدان.</subfield>
</datafield>
<datafield tag="OWN" ind1=" " ind2=" ">
<subfield code="a">GENERAL</subfield>
</datafield>
<datafield tag="AVA" ind1=" " ind2=" ">
<subfield code="a">NYU50</subfield>
<subfield code="b">BOBST</subfield>
<subfield code="c">Main Collection</subfield>
<subfield code="d">G93 .Y22 1954</subfield>
<subfield code="e">unavailable</subfield>
<subfield code="t">Unavailable</subfield>
<subfield code="f">3</subfield>
<subfield code="g">3</subfield>
<subfield code="h">Y</subfield>
<subfield code="i">0</subfield>
<subfield code="j">MAIN</subfield>
<subfield code="k">0</subfield>
</datafield>
</record>
